@article{ito2018,
  title={ガウス過程回帰を用いたフィードバック制御則の設計},
  author={伊藤 優司 and 藤本 健治},
  journal={システム／制御／情報},
  volume={62},
  number={10},
  pages={417-422},
  year={2018},
}
@book{Rasmussen2005,
 author = {Rasmussen, Carl Edward and Williams, Christopher K. I.},
 title = {Gaussian Processes for Machine Learning (Adaptive Computation and Machine Learning)},
 year = {2005},
 isbn = {026218253X},
 publisher = {The MIT Press},
}
@misc{WinNT,
  title = {{MS Windows NT} Kernel Description},
  howpublished = {\url{http://web.archive.org/web/20080207010024/http://www.808multimedia.com/winnt/kernel.htm}},
  note = {Accessed: 2010-09-30}
}