@article{Masuda2013,
author="直紀, 増田",
title="アイゲンファクターを知る",
journal="統計数理 = Proceedings of the Institute of Statistical Mathematics",
ISSN="0912-6112",
publisher="統計数理研究所",
year="2013",
month="jun",
volume="61",
number="1",
pages="147-166",
URL="https://ci.nii.ac.jp/naid/120006020800/",
DOI="",
}
@article{Massimo2010,
author = {Franceschet, Massimo},
title = {Ten Good Reasons to Use the EigenfactorTM Metrics},
year = {2010},
issue_date = {September 2010},
publisher = {Pergamon Press, Inc.},
address = {USA},
volume = {46},
number = {5},
issn = {0306-4573},
url = {https://doi.org/10.1016/j.ipm.2010.01.001},
doi = {10.1016/j.ipm.2010.01.001},
journal = {Inf. Process. Manage.},
month = sep,
pages = {555–558},
numpages = {4},
keywords = {Journal influence measures, Eigenfactor metrics, Impact Factor}
}
@inproceedings{wu2005,
  title={Identifying link farm spam pages},
  author={Wu, Baoning and Davison, Brian D},
  booktitle={Special interest tracks and posters of the 14th international conference on World Wide Web},
  pages={820--829},
  year={2005}
}
@misc{NASA,
  author = {{NASA}},
  title = {{B}eginner's {G}uide to {K}ites },
  howpublished = {\url{https://www.grc.nasa.gov/www/k-12/airplane/shortk.html}},
  note = {Accessed on 2020-01-08}
}
